@book{heunen,
    author = {Heunen, Chris and Vicary, Jamie},
    title = {Categories for Quantum Theory},
    date = {2019},
    publisher = {Oxford University Press},
    location = {Oxford},
}

@book{leinster,
    author = {Leinster, Tom},
    title = {Basic Category Theory},
    date = {2014},
    publisher = {Cambridge University Press},
    location = {Cambridge},
    doi = {10.48550/ARXIV.1612.09375}
}

@book{milewski,
    author = {Milewski, Bartosz},
    title = {Category Theory for Programmers},
    date = {2019},
    url = {https://github.com/hmemcpy/milewski-ctfp-pdf}
}
